@book{kleppner2014introduction,
author={Kleppner, Daniel and Kolenkow, Robert},
year={2014},
title={An Introduction to Mechanics},
edition={2nd},
address={Cambridge},
publisher={Cambridge University Press}}

@book{carroll2019spacetime,
author={Carroll, Sean M},
year={2019},
title={Spacetime and Geometry: an introduction to general relativity},
address={Cambridge},
publisher={Cambridge University Press}}

@book{einstein1915relativity,
author={Einstein, Albert M},
year={1915},
title={Relativity: the special and the general theory},
edition={100th anniversary},
translator={Larson, Robert W},
editor={Gutfreund, Hanoch and Renn, J\:{u}rgen},
address={Princeton},
publisher={Princeton University Press}}

@book{griffiths2018introduction,
author={Griffiths, David J and Schroeter, Darrell F},
year={2018},
title={Introduction to Quantum Mechanics},
edition={3rd},
address={Cambridge},
publisher={Cambridge University Press}}

@book{browne2020schaums,
author={Browne, Michael E},
year={2020},
title={Schaum's Outlines: Physics for Engineering and Science},
edition={4th},
publisher={McGraw Hill}}

@book{halpern2011schaums,
author={Halpern, Alvin},
year={2011},
title={Schaum's Outlines: 3000 solved problems in physics},
publisher={McGraw Hill}}

@book{pratt2021quantum,
author={Pratt, Carl J},
year={2021},
title={Quantum Physics for Beginners},
publisher={Ipoceronte Publishing}}

@book{gerig2021introduction,
author={Gerig, Anthony L},
year={2021},
title={Introduction to Wave Physics},
publisher={Anthony L.~Gerig}}

@book{schneider1949experimental,
author={Schneider, Walter A and Ham, Lloyd B},
year={1949},
title={Experimental Physics for Colleges},
edition={revised},
address={New York},
publisher={Macmillan}}

@book{greenspan1987calculus,
author={Greenspan, Harvey and Benny, David J and Turner, J E},
year={1987},
title={Calculus: an introduction to applied mathematics},
edition={2nd revised},
publisher={McGraw Hill}}

@book{kreysig2015advanced,
author={Kreysig, Erwin},
year={2015},
title={Advanced Engineering Mathematics},
edition={10th},
publisher={Wiley}}

@book{purcell2013electricity,
author={Purcell, Edward M and Morin, David J},
year={2013},
title={Electricity and Magnetism},
edition={3rd},
address={Cambridge},
publisher={Cambridge University Press}}

@book{hecht2018schaums,
author={Hecht, Eugene},
year={2018},
title={Schaum's Outline of College Physics},
edition={12th},
publisher={McGraw Hill}}


